@book{ANSI:1994:draft,
  author = {},
  title = "Draft proposed {INCITS 226-1994 Information Technology, Programming Language, Common Lisp} X3.226:199x. Draft 15.17, X3J13/94-101",
  publisher = {American National Standards Institute},
  year = {1994},
}

@book{ansi:1994:standard,
  author = {},
  title = {INCITS 226-1994[S2008] Information Technology, Programming Language, Common Lisp},
  publisher = {American National Standards Institute},
  year = {1994},
}

@Online{els:2016:clus,
  author =   {Herda, Micha≈Ç},
  title =    "{Common Lisp UltraSpec}",
  date =     {2016-05-10},
  url =      {http://www.european-lisp-symposium.org/editions/2016/lightning-talks-2.pdf},
  note =     {Presentation slides for Lightning Talks
              of the European Lisp Symposium 2016, day 2},
  urldate =  {2017-02-05}
}

@Online{kmp:2012:untold,
  author =   {Kent M. Pitman},
  title =    "{Common Lisp: The Untold Story}",
  date =     {2012-05-01},
  url =      {www.nhplace.com/kent/Papers/cl-untold-story.html},
  note =     {Web version},
  urldate =  {2017-03-28}
}